<record><leader>00000cas a22000007a 4500</leader><controlfield tag="001">9668494</controlfield><controlfield tag="008">830705d19621986ksuwr ne      0   a0eng d</controlfield><datafield ind1=" " ind2=" " tag="010"><subfield code="a">sn 83007890 </subfield></datafield><datafield ind1=" " ind2=" " tag="040"><subfield code="a">NSD</subfield><subfield code="b">eng</subfield><subfield code="c">NSD</subfield><subfield code="d">NPT</subfield><subfield code="d">OCLCQ</subfield></datafield><datafield ind1=" " ind2=" " tag="012"><subfield code="m">1</subfield></datafield><datafield ind1="1" ind2=" " tag="022"><subfield code="a">0745-9947</subfield><subfield code="l">0745-9947</subfield><subfield code="2">1</subfield></datafield><datafield ind1=" " ind2=" " tag="032"><subfield code="a">326620</subfield><subfield code="b">USPS</subfield></datafield><datafield ind1=" " ind2=" " tag="037"><subfield code="b">Maize This Week, 521 E. Murdock, Wichita, KS, 67214</subfield></datafield><datafield ind1=" " ind2=" " tag="042"><subfield code="a">nsdp</subfield></datafield><datafield ind1=" " ind2="0" tag="222"><subfield code="a">Maize this week</subfield></datafield><datafield ind1="0" ind2="0" tag="245"><subfield code="a">Maize this week.</subfield></datafield><datafield ind1="1" ind2="3" tag="246"><subfield code="a">Maize this week Colwich news</subfield><subfield code="f">Nov. 22, 1973-June 6, 1974</subfield></datafield><datafield ind1=" " ind2=" " tag="260"><subfield code="a">Valley Center, Kan. :</subfield><subfield code="b">E.C. Robbins, Jr.,</subfield><subfield code="c">-1986.</subfield></datafield><datafield ind1=" " ind2=" " tag="300"><subfield code="a">v. :</subfield><subfield code="b">ill. ;</subfield><subfield code="c">43 cm.</subfield></datafield><datafield ind1=" " ind2=" " tag="310"><subfield code="a">Weekly</subfield></datafield><datafield ind1="1" ind2=" " tag="362"><subfield code="a">Began in 1962.</subfield><subfield code="z">Cf. Ayer, 1970.</subfield></datafield><datafield ind1="0" ind2=" " tag="362"><subfield code="a">-v. 24, no. 21 (Aug. 1, 1986).</subfield></datafield><datafield ind1=" " ind2=" " tag="500"><subfield code="a">Published in Wichita, Kan., May 6, 1983-</subfield></datafield><datafield ind1=" " ind2=" " tag="500"><subfield code="a">Publisher varies.</subfield></datafield><datafield ind1=" " ind2=" " tag="500"><subfield code="a">Includes section called: Colwich news, Sept. 16, 1965-Nov. 15, 1973.</subfield></datafield><datafield ind1=" " ind2=" " tag="588"><subfield code="a">Description based on: Vol. 4, no. 29 (Sept. 16, 1965).</subfield></datafield><datafield ind1=" " ind2=" " tag="752"><subfield code="a">United States</subfield><subfield code="b">Kansas</subfield><subfield code="c">Sedgwick</subfield><subfield code="d">Wichita.</subfield></datafield><datafield ind1=" " ind2=" " tag="752"><subfield code="a">United States</subfield><subfield code="b">Kansas</subfield><subfield code="c">Sedgwick</subfield><subfield code="d">Valley Center.</subfield></datafield><datafield ind1=" " ind2=" " tag="936"><subfield code="a">June 3, 1983</subfield></datafield></record>